@misc{nuclides,
  author       = "{International Atomic Energy Agency}",
  howpublished = {\url{https://www-nds.iaea.org/relnsd/vcharthtml/VChartHTML.html}},
  title        = {Live Chart of Nuclides},
  year         = {2023}
}